@book{hopcroft2016foundations,
  title     = {Foundations of Data Science},
  author    = {Hopcroft, John and Kannan, Ravi and Kleinberg, David},
  year      = {2016},
  publisher = {Cambridge University Press},
  note      = {Available online at \url{http://www.cs.cornell.edu/jeh/book.pdf}},
}

@misc{wikipedia_icp,
  title        = {Iterative closest point},
  author       = {{Wikipedia contributors}},
  year         = {2024},
  howpublished = {\url{https://en.wikipedia.org/wiki/Iterative_closest_point}},
  note         = {Accessed: 2025-05-17}
}

@misc{wikipedia_procrustes,
  title        = {Procrustes analysis},
  author       = {{Wikipedia contributors}},
  year         = {2024},
  howpublished = {\url{https://en.m.wikipedia.org/wiki/Orthogonal_Procrustes_problem}},
  note         = {Accessed: 2025-05-17}
}

@misc{wikipedia_registration,
  title        = {Point-set registration},
  author       = {{Wikipedia contributors}},
  year         = {2024},
  howpublished = {\url{https://en.m.wikipedia.org/wiki/Point-set_registration}},
  note         = {Accessed: 2025-05-17}
}
